
@article{Nichols2004,
  title = {{Hallucinogens}},
  volume = {{101}},
  issn = {01637258},
  doi = {10.1016/j.pharmthera.2003.11.002},
  language = {en},
  number = {2},
  urldate = {2014-10-13},
  journal = {{Pharmacology \& Therapeutics}},
  author = {Nichols, David E},
  month = feb,
  year = {2004},
  pages = {131--181},
  file = {Nichols - 2004 - Hallucinogens.pdf:/home/feline/Documents/div3/convergences to science/hallucinogens/Nichols - 2004 - Hallucinogens.pdf:application/pdf}
}

@article{Berger2009,
  title = {{The Expanded Biology of Serotonin}},
  volume = {{60}},
  issn = {0066-4219, 1545-326X},
  doi = {10.1146/annurev.med.60.042307.110802},
  language = {en},
  number = {1},
  urldate = {2014-10-07},
  journal = {{Annual Review of Medicine}},
  author = {Berger, Miles and Gray, John A. and Roth, Bryan L.},
  month = feb,
  year = {2009},
  pages = {355--366},
  file = {Berger et al_2009_The Expanded Biology of Serotonin.pdf:/home/feline/Documents/div3/resources/Berger et al_2009_The Expanded Biology of Serotonin.pdf:application/pdf}
}

@article{Millan2008,
  title = {{Signaling at G-protein-coupled serotonin receptors: recent advances and future research directions}},
  volume = {{29}},
  issn = {01656147},
  shorttitle = {{Signaling at G-protein-coupled serotonin receptors}},
  doi = {10.1016/j.tips.2008.06.007},
  language = {en},
  number = {9},
  urldate = {2014-10-07},
  journal = {{Trends in Pharmacological Sciences}},
  author = {Millan, M and Marin, P and Bockaert, J and Mannourylacour, C},
  month = sep,
  year = {2008},
  pages = {454--464},
  file = {Millan et al_2008_Signaling at G-protein-coupled serotonin receptors.pdf:/home/feline/Documents/div3/resources/Millan et al_2008_Signaling at G-protein-coupled serotonin receptors.pdf:application/pdf}
}

@incollection{Chen2005,
  title = {{Transcriptional Control of the Development of Central Serotonergic Neurons}},
  copyright = {{Copyright {\textcopyright} 2006 Wiley-VCH Verlag GmbH \& Co. KGaA}},
  isbn = {9783527608034},
  abstract = {This chapter contains sections titled:

* Abstract
* Introduction
* Transcription Factors in the Development of 5-HT Neurons
* Transcription Factors Expressed in 5-HT Progenitor Cells
Nkx2.2Mash1
* Transcription Factors Expressed in the Ventricular Zone and Postmitotic 5-HT Neurons
Gata2 and Gata3
* Transcription Factors Expressed in Postmitotic 5-HT Neurons
Lmx1bPet1
* The Relationship between Lmx1b and Pet1
* Conclusions
* Abbreviations},
  language = {en},
  urldate = {2014-10-13},
  booktitle = {{Transcription Factors in the Nervous System}},
  publisher = {{Wiley-VCH Verlag GmbH \& Co. KGaA}},
  author = {Chen, Zhou-Feng and Ding, Yu-Qiang},
  editor = {Thiel, Gerald},
  year = {2005},
  keywords = {neural development,postmitotic 5-HT neurons,relationship between Lmx1b and Pet1,transcriptional control of development of central serotonergic neurons,Transcription Factors,transcription factors expressed in 5-HT progenitor cells,transcription factors in development of 5-HT neurons,ventricular zone},
  pages = {143--161},
  file = {Chen- Ding_2005_Transcriptional Control of the Development of.pdf:/home/feline/Documents/div3/resources/Chen- Ding_2005_Transcriptional Control of the Development of.pdf:application/pdf;Snapshot:/home/feline/Documents/Zotero Files/storage/ZPRK92XD/summary.html:text/html}
}


